@book{2009HuGuoLiangANSYS,
  title={ANSYS 11.0有限元分析入门与提高},
  author={胡国良 and 任继文},
  publisher={ANSYS 11.0有限元分析入门与提高},
  year={2009},
}
@phdthesis{ZhuQingJun2010Analysis,
  title={客车骨架静动态有限元分析},
  author={朱清君},
  school={合肥工业大学},
  year={2010},
}
@article{ChengHeng2010Applications,
  title={工作模态分析在减速器监测和诊断中的应用},
  author={程珩 and 赵远},
  journal={振动.测试与诊断},
  year={2010},
}
@article{2010Dynamic,
  title={Dynamic characterisation of elastomeric engine mounts of different geometry used in automotive industry: simulation approach},
  author={ Faris, Waleed F.  and  Saad, Fazidah },
  journal={International Journal of Vehicle Noise & Vibration},
  volume={6},
  number={1},
  pages={1},
  year={2010},
}
@article{ZhuLinSen2010Deal,
  title={基于模态应变能分析和板件单元贡献分析的车身阻尼处理},
  author={朱林森 and 周鋐 and 赵静},
  journal={汽车技术},
  number={10},
  pages={4},
  year={2010},
}
